<?xml version="1.0" encoding="UTF-8"?>
<ting:container xmlns:ting="http://www.dbc.dk/ting" xmlns:dkabm="http://biblstandard.dk/abm/namespace/dkabm/" xmlns:ac="http://biblstandard.dk/ac/namespace/" xmlns:dkdcplus="http://biblstandard.dk/abm/namespace/dkdcplus/" xmlns:oss="http://oss.dbc.dk/ns/osstypes" xmlns:dc="http://purl.org/dc/elements/1.1/" xmlns:dcterms="http://purl.org/dc/terms/" xmlns:xsi="http://www.w3.org/2001/XMLSchema-instance" xmlns:docbook="http://docbook.org/ns/docbook" xmlns:oso="http://oss.dbc.dk/ns/opensearchobjects"><dkabm:record><ac:identifier>27337368|870970</ac:identifier><ac:source>Bibliotekskatalog</ac:source><dc:title>No country for old men</dc:title><dc:title xsi:type="dkdcplus:full">No country for old men</dc:title><dc:creator xsi:type="dkdcplus:drt">Joel Coen</dc:creator><dc:creator xsi:type="oss:sort">Coen, Joel</dc:creator><dc:creator xsi:type="dkdcplus:drt">Ethan Coen</dc:creator><dc:creator xsi:type="oss:sort">Coen, Ethan</dc:creator><dc:subject xsi:type="dkdcplus:DK5">77.7</dc:subject><dc:subject xsi:type="dkdcplus:DK5-Text">Spillefilm</dc:subject><dc:subject xsi:type="dkdcplus:DBCS">gangstere</dc:subject><dc:subject xsi:type="dkdcplus:DBCS">thriller</dc:subject><dc:subject xsi:type="dkdcplus:genre">thriller</dc:subject><dc:subject xsi:type="dkdcplus:DBCS">vold</dc:subject><dcterms:abstract>Llewelin Moss finder en taske med to millioner dollars og beholder både taske og indhold! Men pengene stammer fra et blodigt opgør i narkokredse, og bagmændene har bestemt ikke tænkt sig at afskrive de grønne sedler</dcterms:abstract><dc:description>Originalfilmen: USA : Paramount Vantage : Miramax Films, 2007</dc:description><dc:description>Af indholdet: Special features (The making of No country for old men ; Working with the Coens ; Diary of a country sherif)</dc:description><dcterms:audience xsi:type="dkdcplus:medieraad">Mærkning: Tilladt for børn over 15 år</dcterms:audience><dcterms:audience>voksenmaterialer</dcterms:audience><dc:publisher>Paramount Home Entertainment (Denmark)</dc:publisher><dc:contributor>Cormac McCarthy</dc:contributor><dc:contributor>Joel Coen</dc:contributor><dc:contributor>Ethan Coen</dc:contributor><dc:contributor>Roger Deakins</dc:contributor><dc:contributor xsi:type="dkdcplus:act">Tommy Lee Jones</dc:contributor><dc:contributor xsi:type="dkdcplus:act">Javier Bardem</dc:contributor><dc:contributor xsi:type="dkdcplus:act">Josh Brolin</dc:contributor><dc:contributor xsi:type="dkdcplus:act">Woody Harrelson</dc:contributor><dc:contributor xsi:type="dkdcplus:act">Kelly MacDonald</dc:contributor><dc:contributor xsi:type="dkdcplus:act">Garret Dillahunt</dc:contributor><dc:contributor xsi:type="dkdcplus:act">Tess Harper</dc:contributor><dc:date>2008</dc:date><dc:type xsi:type="dkdcplus:BibDK-Type">Dvd</dc:type><dc:format>1 dvd-video</dc:format><dcterms:extent>ca. 117 min.</dcterms:extent><dc:language xsi:type="dcterms:ISO639-2">eng</dc:language><dc:language>Engelsk</dc:language><dc:language xsi:type="dkdcplus:subtitles">dan</dc:language><dc:language xsi:type="dkdcplus:subtitles">eng</dc:language><dc:language xsi:type="dkdcplus:subtitles">dut</dc:language><dc:language xsi:type="dkdcplus:subtitles">nor</dc:language><dc:language xsi:type="dkdcplus:subtitles">fin</dc:language><dc:language xsi:type="dkdcplus:subtitles">swe</dc:language><dcterms:spatial xsi:type="dkdcplus:DBCS">USA</dcterms:spatial><dcterms:spatial xsi:type="dkdcplus:DBCS">Texas</dcterms:spatial></dkabm:record><marcx:collection xmlns:marcx="info:lc/xmlns/marcxchange-v1"><marcx:record format="danMARC2" type="Bibliographic"><marcx:leader>000000000000000000000000</marcx:leader><marcx:datafield tag="001" ind1="0" ind2="0"><marcx:subfield code="a">27337368</marcx:subfield><marcx:subfield code="b">870970</marcx:subfield><marcx:subfield code="c">20110525085117</marcx:subfield><marcx:subfield code="d">20080716</marcx:subfield><marcx:subfield code="f">a</marcx:subfield></marcx:datafield><marcx:datafield tag="004" ind1="0" ind2="0"><marcx:subfield code="r">n</marcx:subfield><marcx:subfield code="a">e</marcx:subfield></marcx:datafield><marcx:datafield tag="006" ind1="0" ind2="0"><marcx:subfield code="d">15</marcx:subfield><marcx:subfield code="2">b</marcx:subfield></marcx:datafield><marcx:datafield tag="008" ind1="0" ind2="0"><marcx:subfield code="t">m</marcx:subfield><marcx:subfield code="u">f</marcx:subfield><marcx:subfield code="a">2008</marcx:subfield><marcx:subfield code="b">dk</marcx:subfield><marcx:subfield code="l">eng</marcx:subfield><marcx:subfield code="v">0</marcx:subfield></marcx:datafield><marcx:datafield tag="009" ind1="0" ind2="0"><marcx:subfield code="a">m</marcx:subfield><marcx:subfield code="g">th</marcx:subfield></marcx:datafield><marcx:datafield tag="021" ind1="0" ind2="0"><marcx:subfield code="d">Brugsretskategori: D</marcx:subfield></marcx:datafield><marcx:datafield tag="023" ind1="0" ind2="0"><marcx:subfield code="a">7332431029316</marcx:subfield></marcx:datafield><marcx:datafield tag="023" ind1="0" ind2="0"><marcx:subfield code="a">7332431029309</marcx:subfield></marcx:datafield><marcx:datafield tag="023" ind1="0" ind2="0"><marcx:subfield code="a">7332431995383</marcx:subfield></marcx:datafield><marcx:datafield tag="032" ind1="0" ind2="0"><marcx:subfield code="a">DBI200835</marcx:subfield><marcx:subfield code="x">BKM200835</marcx:subfield><marcx:subfield code="x">ACC200829</marcx:subfield><marcx:subfield code="x">DAT201123</marcx:subfield></marcx:datafield><marcx:datafield tag="041" ind1="0" ind2="0"><marcx:subfield code="a">eng</marcx:subfield><marcx:subfield code="u">dan</marcx:subfield><marcx:subfield code="u">eng</marcx:subfield><marcx:subfield code="u">dut</marcx:subfield><marcx:subfield code="u">nor</marcx:subfield><marcx:subfield code="u">fin</marcx:subfield><marcx:subfield code="u">swe</marcx:subfield></marcx:datafield><marcx:datafield tag="245" ind1="0" ind2="0"><marcx:subfield code="a">No country for old men</marcx:subfield><marcx:subfield code="e">written for the screen and directed by Joel Coen &amp; Ethan Coen</marcx:subfield><marcx:subfield code="f">produced by Scott Rudin, Ethan Coen, Joel Coen</marcx:subfield><marcx:subfield code="e">based on the novel by Cormac McCarthy</marcx:subfield><marcx:subfield code="e">director of photography Roger Deakins</marcx:subfield></marcx:datafield><marcx:datafield tag="260" ind1="0" ind2="0"><marcx:subfield code="a">[Kbh.]</marcx:subfield><marcx:subfield code="b">Paramount Home Entertainment (Denmark)</marcx:subfield><marcx:subfield code="c">[2008]</marcx:subfield></marcx:datafield><marcx:datafield tag="300" ind1="0" ind2="0"><marcx:subfield code="n">1 dvd-video</marcx:subfield><marcx:subfield code="l">ca. 117 min.</marcx:subfield></marcx:datafield><marcx:datafield tag="504" ind1="0" ind2="0"><marcx:subfield code="&amp;">1</marcx:subfield><marcx:subfield code="a">Llewelin Moss finder en taske med to millioner dollars og beholder både taske og indhold! Men pengene stammer fra et blodigt opgør i narkokredse, og bagmændene har bestemt ikke tænkt sig at afskrive de grønne sedler</marcx:subfield></marcx:datafield><marcx:datafield tag="508" ind1="0" ind2="0"><marcx:subfield code="a">Engelsk tale</marcx:subfield></marcx:datafield><marcx:datafield tag="508" ind1="0" ind2="0"><marcx:subfield code="a">Undertekster på dansk, engelsk, hollandsk, norsk, finsk og svensk</marcx:subfield></marcx:datafield><marcx:datafield tag="508" ind1="0" ind2="0"><marcx:subfield code="a">Tekstet for hørehæmmede på engelsk</marcx:subfield></marcx:datafield><marcx:datafield tag="512" ind1="0" ind2="0"><marcx:subfield code="i">Medvirkende</marcx:subfield><marcx:subfield code="e">Tommy Lee Jones, Javier Bardem, Josh Brolin, Woody Harrelson, Kelly MacDonald, Garret Dillahunt, Tess Harper ... et al.</marcx:subfield></marcx:datafield><marcx:datafield tag="512" ind1="0" ind2="0"><marcx:subfield code="a">Originalfilmen: USA : Paramount Vantage : Miramax Films, 2007</marcx:subfield></marcx:datafield><marcx:datafield tag="517" ind1="0" ind2="0"><marcx:subfield code="&amp;">1</marcx:subfield><marcx:subfield code="a">Mærkning: Tilladt for børn over 15 år</marcx:subfield></marcx:datafield><marcx:datafield tag="534" ind1="0" ind2="0"><marcx:subfield code="&amp;">1</marcx:subfield><marcx:subfield code="a">Af indholdet: Special features (The making of No country for old men ; Working with the Coens ; Diary of a country sherif)</marcx:subfield></marcx:datafield><marcx:datafield tag="538" ind1="0" ind2="0"><marcx:subfield code="a">DK 1136323</marcx:subfield><marcx:subfield code="a">DK 1136326</marcx:subfield></marcx:datafield><marcx:datafield tag="652" ind1="0" ind2="0"><marcx:subfield code="m">77.7</marcx:subfield></marcx:datafield><marcx:datafield tag="666" ind1="0" ind2="0"><marcx:subfield code="0"/><marcx:subfield code="s">thriller</marcx:subfield></marcx:datafield><marcx:datafield tag="666" ind1="0" ind2="0"><marcx:subfield code="0"/><marcx:subfield code="s">vold</marcx:subfield></marcx:datafield><marcx:datafield tag="666" ind1="0" ind2="0"><marcx:subfield code="0"/><marcx:subfield code="s">gangstere</marcx:subfield></marcx:datafield><marcx:datafield tag="666" ind1="0" ind2="0"><marcx:subfield code="0"/><marcx:subfield code="q">USA</marcx:subfield></marcx:datafield><marcx:datafield tag="666" ind1="0" ind2="0"><marcx:subfield code="0"/><marcx:subfield code="q">Texas</marcx:subfield></marcx:datafield><marcx:datafield tag="700" ind1="0" ind2="0"><marcx:subfield code="A">maccarthy</marcx:subfield><marcx:subfield code="a">McCarthy</marcx:subfield><marcx:subfield code="h">Cormac</marcx:subfield></marcx:datafield><marcx:datafield tag="700" ind1="0" ind2="0"><marcx:subfield code="a">Coen</marcx:subfield><marcx:subfield code="h">Joel</marcx:subfield></marcx:datafield><marcx:datafield tag="700" ind1="0" ind2="0"><marcx:subfield code="a">Coen</marcx:subfield><marcx:subfield code="h">Ethan</marcx:subfield></marcx:datafield><marcx:datafield tag="700" ind1="0" ind2="0"><marcx:subfield code="a">Deakins</marcx:subfield><marcx:subfield code="h">Roger</marcx:subfield></marcx:datafield><marcx:datafield tag="990" ind1="0" ind2="0"><marcx:subfield code="o">200835</marcx:subfield><marcx:subfield code="b">v</marcx:subfield><marcx:subfield code="u">nt</marcx:subfield></marcx:datafield><marcx:datafield tag="996" ind1="0" ind2="0"><marcx:subfield code="a">DBC</marcx:subfield></marcx:datafield><marcx:datafield tag="d08" ind1="0" ind2="0"><marcx:subfield code="o">stj</marcx:subfield><marcx:subfield code="o">ea</marcx:subfield><marcx:subfield code="k">nø</marcx:subfield></marcx:datafield><marcx:datafield tag="d09" ind1="0" ind2="0"><marcx:subfield code="z">MFA200835</marcx:subfield><marcx:subfield code="z">MFB200835</marcx:subfield><marcx:subfield code="z">MFC200835</marcx:subfield></marcx:datafield><marcx:datafield tag="f06" ind1="0" ind2="0"><marcx:subfield code="b">n</marcx:subfield><marcx:subfield code="b">v</marcx:subfield></marcx:datafield><marcx:datafield tag="n51" ind1="0" ind2="0"><marcx:subfield code="a">20080825</marcx:subfield></marcx:datafield><marcx:datafield tag="n55" ind1="0" ind2="0"><marcx:subfield code="a">20080716</marcx:subfield></marcx:datafield><marcx:datafield tag="s12" ind1="0" ind2="0"><marcx:subfield code="t">TeamFi200833</marcx:subfield></marcx:datafield><marcx:datafield tag="z99" ind1="0" ind2="0"><marcx:subfield code="a">hvn</marcx:subfield></marcx:datafield></marcx:record></marcx:collection><oss:openurl/><adminData><creationDate>2008-07-16</creationDate><libraryType>none</libraryType><indexingAlias>danmarcxchange</indexingAlias><accessType>physical</accessType><genre>fiktion</genre><collectionIdentifier>870970-basis</collectionIdentifier></adminData></ting:container>